@misc{rulebook_2024,
  author =       {Hart, Justin and Moriarty, Alexander and Pasternak, Katarzyna
                  and Kummert, Johannes and Hawkin, Alina and Hassouna, Vanessa
                  and Pena Narvaez, Juan Diego and Ruegemer, Leroy
                  and von Seelstrang, Leander and Van Dooren, Peter 
                  and Garcia, Juan Jose, and Mitzutani, Akinobu 
                  and Jiang, Yuqian and Matsushima, Tatsuya and Polvara, Riccardo},
  title =        {RoboCup@Home 2024: Rules and Regulations},
  year =         {2024},
  howpublished = {\url{https://github.com/RoboCupAtHome/RuleBook/releases/tag/2024.1}},
}
