@misc{rulebook_2025,
  author =       {Hart, Justin and Moriarty, Alexander and Pasternak, Katarzyna
                  and Kummert, Johannes and Leonetti, Matteo and Contreras, Luis 
                  and Hawkin, Alina and Hassouna, Vanessa and Ruegemer, Leroy
                  and Mitzutani, Akinobu and Ribeiro, Tiago},
  title =        {RoboCup@Home 2025: Rules and Regulations},
  year =         {2025},
  howpublished = {\url{https://github.com/RoboCupAtHome/RuleBook/releases/tag/2024.2}},
}
